@inproceedings{sharafaldin2018toward,
  author    = {I. Sharafaldin and A. H. Lashkari and A. A. Ghorbani},
  title     = {Toward generating a new intrusion detection dataset and intrusion traffic characterization},
  booktitle = {Proc. ICISSP},
  year      = {2018}
}

@inproceedings{tavallaee2009detailed,
  author    = {M. Tavallaee and E. Bagheri and W. Lu and A. A. Ghorbani},
  title     = {A detailed analysis of the KDD CUP 99 dataset},
  booktitle = {Proc. IEEE CICSDA},
  year      = {2009}
}

@book{goodfellow2016deep,
  author    = {I. Goodfellow and Y. Bengio and A. Courville},
  title     = {Deep Learning},
  publisher = {MIT Press},
  year      = {2016}
}

@article{ghani2023deep,
  author    = {H. Ghani and B. Virdee and S. A. Salekzamankhani},
  title     = {A Deep Learning Approach for Network Intrusion Detection Using a Small Features Vector},
  journal   = {Journal of Cybersecurity and Privacy},
  volume    = {3},
  number    = {3},
  pages     = {451--463},
  year      = {2023}
}

@article{alavizadeh2022deep,
  author    = {H. Alavizadeh and J. Jang-Jaccard},
  title     = {Deep Q-Learning Based Reinforcement Learning Approach for Network Intrusion Detection},
  journal   = {Computers},
  volume    = {11},
  number    = {3},
  pages     = {41},
  year      = {2022}
}

@article{cao2022network,
  author    = {B. Cao and C. Li and Y. Song and Y. Qin and C. Chen},
  title     = {Network Intrusion Detection Model Based on CNN and GRU},
  journal   = {Applied Sciences},
  volume    = {12},
  number    = {9},
  pages     = {4184},
  year      = {2022}
}

@article{injadat2020multi,
  author    = {M. N. Injadat and A. Moubayed and A. B. Nassif and A. Shami},
  title     = {Multi-Stage Optimized Machine Learning Framework for Network Intrusion Detection},
  journal   = {IEEE Transactions on Network and Service Management},
  volume    = {17},
  number    = {1},
  pages     = {1842--1857},
  year      = {2020}
}

@article{hidayat2023machine,
  author    = {I. Hidayat and M. Z. Ali and A. Arshad},
  title     = {Machine Learning-Based Intrusion Detection System: An Experimental Comparison},
  journal   = {Journal of Computational and Cognitive Engineering},
  volume    = {2},
  number    = {2},
  pages     = {88--97},
  year      = {2023}
}

@article{apruzzese2022cross,
  author    = {G. Apruzzese and L. Pajola and M. Conti},
  title     = {The Cross-evaluation of Machine Learning-based Network Intrusion Detection Systems},
  journal   = {IEEE Transactions on Network and Service Management},
  volume    = {19},
  number    = {1},
  year      = {2022}
}
@article{ahmad2021network,
  title={Network intrusion detection system: A systematic study of machine learning and deep learning approaches},
  author={Ahmad, Zeeshan and Shahid Khan, Adnan and Wai Shiang, Cheah and Abdullah, Johari and Ahmad, Farhan},
  journal={Transactions on Emerging Telecommunications Technologies},
  volume={32},
  number={1},
  pages={e4150},
  year={2021},
  publisher={Wiley Online Library}
}
@article{ahmed2016survey,
  author    = {Saeed Ahmed and A. N. Mahmood and Jiankun Hu},
  title     = {A survey of network intrusion detection techniques based on machine learning},
  journal   = {Soft Computing},
  volume    = {20},
  number    = {6},
  pages     = {2347--2381},
  year      = {2016},
  publisher = {Springer},
  doi       = {10.1007/s00500-015-1910-8},
  url       = {https://link.springer.com/article/10.1007/s00500-015-1910-8}
}

@article{kim2017deep,
  author    = {Kim, Gyeongsik and Lee, Sehun and Kim, Seokhie},
  title     = {A deep learning based approach for intrusion detection using recurrent neural networks},
  journal   = {IEEE Access},
  volume    = {5},
  pages     = {21954--21961},
  year      = {2017},
  doi       = {10.1109/ACCESS.2017.2762418},
  url       = {https://ieeexplore.ieee.org/document/7967184}
}

@article{yin2019deep,
  author    = {Yin, Chunlin and Zhu, Yuefei and Fei, Jiajun and He, Xinzhong},
  title     = {A deep learning approach for intrusion detection using recurrent neural networks},
  journal   = {Future Generation Computer Systems},
  volume    = {93},
  pages     = {878--888},
  year      = {2019},
  publisher = {Elsevier},
  doi       = {10.1016/j.future.2018.10.016},
  url       = {https://www.sciencedirect.com/science/article/abs/pii/S0167739X18302141}
}

@article{li2019intrusion,
  author    = {Li, Zhenlong and Liu, Dingding and Yang, Weipeng},
  title     = {Intrusion detection using deep learning with feature embedding},
  journal   = {IEEE Access},
  volume    = {7},
  pages     = {118012--118020},
  year      = {2019},
  doi       = {10.1109/ACCESS.2019.2936796},
  url       = {https://ieeexplore.ieee.org/document/8818504}
}

@mastersthesis{kendall1999database,
  author    = {Kendall, Kevin},
  title     = {A database of computer attacks for the evaluation of intrusion detection systems},
  school    = {Massachusetts Institute of Technology},
  year      = {1999},
  url       = {https://dspace.mit.edu/handle/1721.1/9175}
}

@inproceedings{mukherjee2017network,
  author    = {Mukherjee, Jaydip and Sharma, Sanjay},
  title     = {Network intrusion detection: A review},
  booktitle = {2017 International Conference on Nextgen Electronic Technologies: Silicon to Software (ICNETS2)},
  pages     = {60--63},
  year      = {2017},
  organization = {IEEE},
  doi       = {10.1109/ICNETS2.2017.8067944},
  url       = {https://ieeexplore.ieee.org/document/8036240}
}

@article{alsulami2022deep,
  author    = {Alsulami, Faisal and others},
  title     = {A deep learning-based intrusion detection system for smart cities},
  journal   = {Sensors},
  volume    = {22},
  number    = {5},
  pages     = {1895},
  year      = {2022},
  doi       = {10.3390/s22051895},
  url       = {https://www.mdpi.com/1424-8220/22/5/1895}
}

@incollection{moustafa2017unsw,
  author    = {Moustafa, Nour and Slay, Jill},
  title     = {UNSW-NB15: A comprehensive data set for network intrusion detection systems},
  booktitle = {Advances in Cyber Security},
  pages     = {511--526},
  year      = {2017},
  publisher = {Springer},
  doi       = {10.1007/978-3-319-52569-3_30},
  url       = {https://link.springer.com/chapter/10.1007/978-3-319-52569-3_30}
}
